@article{BDW16,
title={An Optimal Algorithm for $\ell_1$-Heavy Hitters in Insertion Streams and Related Problems},
  author={Bhattacharyya, Arnab and Dey, Palash and Woodruff, David P},
  journal={ACM Transactions on Algorithms (TALG)},
  volume={15},
  number={1},
  pages={2},
  year={2018},
  publisher={ACM}
}

@article{BCIS,
  title={Space-optimal heavy hitters with strong error bounds},
  author={Berinde, Radu and Indyk, Piotr and Cormode, Graham and Strauss, Martin J},
  journal={ACM Transactions on Database Systems (TODS)},
  volume={35},
  number={4},
  pages={26},
  year={2010},
  publisher={ACM}
}

@article{FrequentSurvey,
  title={Finding the frequent items in streams of data},
  author={Cormode, Graham and Hadjieleftheriou, Marios},
  journal={Communications of the ACM},
  volume={52},
  number={10},
  pages={97--105},
  year={2009},
  publisher={ACM}
}

@article{CM05,
  title={An improved data stream summary: the count-min sketch and its applications},
  author={Cormode, Graham and Muthukrishnan, Shan},
  journal={Journal of Algorithms},
  volume={55},
  number={1},
  pages={58--75},
  year={2005},
  publisher={Elsevier}
}

@inproceedings{Giga,
  title={Gigascope: a stream database for network applications},
  author={Cranor, Chuck and Johnson, Theodore and Spataschek, Oliver and Shkapenyuk, Vladislav},
  booktitle={Proceedings of the 2003 ACM SIGMOD international conference on Management of data},
  pages={647--651},
  year={2003},
  organization={ACM}
}

@article{CMON,
  title={CMON: A general purpose continuous ip backbone traffic analysis platform},
  author={To, K and Ye, Tao and Bhattacharyya, S},
  journal={Research Report RR04-ATL-110309, Sprint ATL},
  year={2004}
}

@article{MG82,
  title={FINDING REPEATED ELEMENTS},
  author={MISRA, J},
  journal={Science of Computer Programming},
  volume={2},
  pages={143--152},
  year={1982}
}

@article{KSP03,
  title={A simple algorithm for finding frequent elements in streams and bags},
  author={Karp, Richard M and Shenker, Scott and Papadimitriou, Christos H},
  journal={ACM Transactions on Database Systems (TODS)},
  volume={28},
  number={1},
  pages={51--55},
  year={2003},
  publisher={ACM}
}

@inproceedings{DLM02,
  title={Frequency estimation of internet packet streams with limited space},
  author={Demaine, Erik D and L{\'o}pez-Ortiz, Alejandro and Munro, J Ian},
  booktitle={European Symposium on Algorithms},
  pages={348--360},
  year={2002},
  organization={Springer}
}

@inproceedings{MM02,
  title={Approximate frequency counts over data streams},
  author={Manku, Gurmeet Singh and Motwani, Rajeev},
  booktitle={VLDB'02: Proceedings of the 28th International Conference on Very Large Databases},
  pages={346--357},
  year={2002},
  organization={Elsevier}
}


@inproceedings{MAA05,
  title={Efficient computation of frequent and top-k elements in data streams},
  author={Metwally, Ahmed and Agrawal, Divyakant and El Abbadi, Amr},
  booktitle={International Conference on Database Theory},
  pages={398--412},
  year={2005},
  organization={Springer}
}

@inproceedings{CCF02,
  title={Finding frequent items in data streams},
  author={Charikar, Moses and Chen, Kevin and Farach-Colton, Martin},
  booktitle={International Colloquium on Automata, Languages, and Programming},
  pages={693--703},
  year={2002},
  organization={Springer}
}

@article{Muthu05,
  title={Data streams: Algorithms and applications},
  author={Muthukrishnan, Shanmugavelayutham and others},
  journal={Foundations and Trends{\textregistered} in Theoretical Computer Science},
  volume={1},
  number={2},
  pages={117--236},
  year={2005},
  publisher={Now Publishers, Inc.}
}

@misc{massdal,
title = {MassDAL Public Code Bank},
howpublished={\url{https://www.cs.rutgers.edu/~muthu/massdal-code-index.html}},
note={Accessed: 2019-02-03},
year = {2005},
}

@misc{corimpl,
title = {Finding Frequent Items},
howpublished={\url{http://hadjieleftheriou.com/frequent-items}},
note={Accessed: 2019-02-03},
year={2014},
}


@misc{yahoolib,
title = {Sketches Library from YAHOO!},
howpublished={\url{https://datasketches.github.io}},
note={Accessed: 2019-02-03},
year = {2019},
}

@misc{ourgit,
title = {Heavy-HittersIISc},
howpublished={\url{https://github.com/tejas1812/Heavy-HittersIISc}},
note={Accessed: 2019-02-03},
year = {2019},
}


@book{zipf,
  title={Human behavior and the principle of least effort: An introduction to human ecology},
  author={Zipf, George Kingsley},
  year={1949},
  publisher={Addison Wesley}
}

@article{red98,
  title={How popular is your paper? An empirical study of the citation distribution},
  author={Redner, Sidney},
  journal={The European Physical Journal B-Condensed Matter and Complex Systems},
  volume={4},
  number={2},
  pages={131--134},
  year={1998},
  publisher={Springer}
}

@inproceedings{bre99,
  title={Web caching and Zipf-like distributions: Evidence and implications},
  author={Breslau, Lee and Cao, Pei and Fan, Li and Phillips, Graham and Shenker, Scott},
  booktitle={INFOCOM'99. Eighteenth Annual Joint Conference of the IEEE Computer and Communications Societies. Proceedings. IEEE},
  volume={1},
  pages={126--134},
  year={1999},
  organization={IEEE}
}

@incollection{bes99,
  title={Heavy-tailed probability distributions in the World Wide Web},
  author={Crovella, Mark E and Taqqu, Murad S and Bestavros, Azer},
  booktitle={A practical guide to heavy tails},
  publisher={Birkhauser},
  volume={1},
  pages={3--26},
  year={1999}
}